<?xml version="1.0" encoding="UTF-8"?><collection xmlns="http://www.loc.gov/MARC21/slim"><record><leader>00365nam--2200121-i-4500</leader><controlfield tag="001">000026530</controlfield><controlfield tag="002">20161230</controlfield><controlfield tag="005">20161230201036</controlfield><controlfield tag="008">060222s1000------------r-----000-0-eng-d</controlfield><datafield ind1=" " ind2=" " tag="245"><subfield code="a">Xiv. intrnational kongress fur reine und angewandte chemie. zurich, 21-27.vii.1955</subfield></datafield><datafield ind1=" " ind2=" " tag="260"><subfield code="a">Basel, Birkhauser Verlag, 1955, 287p</subfield></datafield><datafield ind1=" " ind2=" " tag="490"><subfield code="a">Experimental Supplementum</subfield></datafield><datafield ind1=" " ind2=" " tag="852"><subfield code="a">16314</subfield></datafield></record></collection>